% Autosubst 2019
@inproceedings{DBLP:conf/cpp/StarkSK19,
  author       = {Kathrin Stark and
                  Steven Sch{\"{a}}fer and
                  Jonas Kaiser},
  editor       = {Assia Mahboubi and
                  Magnus O. Myreen},
  title        = {Autosubst 2: reasoning with multi-sorted de Bruijn terms and vector
                  substitutions},
  booktitle    = {Proceedings of the 8th {ACM} {SIGPLAN} International Conference on
                  Certified Programs and Proofs, {CPP} 2019, Cascais, Portugal, January
                  14-15, 2019},
  pages        = {166--180},
  publisher    = {{ACM}},
  year         = {2019},
  url          = {https://doi.org/10.1145/3293880.3294101},
  doi          = {10.1145/3293880.3294101},
  timestamp    = {Fri, 04 Jan 2019 10:46:45 +0100},
  biburl       = {https://dblp.org/rec/conf/cpp/StarkSK19.bib},
  bibsource    = {dblp computer science bibliography, https://dblp.org}
}

% Autosubst 2015
@inproceedings{DBLP:conf/itp/SchaferTS15,
  author       = {Steven Sch{\"{a}}fer and
                  Tobias Tebbi and
                  Gert Smolka},
  editor       = {Christian Urban and
                  Xingyuan Zhang},
  title        = {Autosubst: Reasoning with de Bruijn Terms and Parallel Substitutions},
  booktitle    = {Interactive Theorem Proving - 6th International Conference, {ITP}
                  2015, Nanjing, China, August 24-27, 2015, Proceedings},
  series       = {Lecture Notes in Computer Science},
  volume       = {9236},
  pages        = {359--374},
  publisher    = {Springer},
  year         = {2015},
  url          = {https://doi.org/10.1007/978-3-319-22102-1\_24},
  doi          = {10.1007/978-3-319-22102-1\_24},
  timestamp    = {Tue, 14 May 2019 10:00:37 +0200},
  biburl       = {https://dblp.org/rec/conf/itp/SchaferTS15.bib},
  bibsource    = {dblp computer science bibliography, https://dblp.org}
}

% Kits 2012
@article{DBLP:journals/jar/BentonHKM12,
  author       = {Nick Benton and
                  Chung{-}Kil Hur and
                  Andrew Kennedy and
                  Conor McBride},
  title        = {Strongly Typed Term Representations in Coq},
  journal      = {J. Autom. Reason.},
  volume       = {49},
  number       = {2},
  pages        = {141--159},
  year         = {2012},
  url          = {https://doi.org/10.1007/s10817-011-9219-0},
  doi          = {10.1007/s10817-011-9219-0},
  timestamp    = {Wed, 02 Sep 2020 13:29:40 +0200},
  biburl       = {https://dblp.org/rec/journals/jar/BentonHKM12.bib},
  bibsource    = {dblp computer science bibliography, https://dblp.org}
}

% Kits 2005
@article{unpublished:mcbride2005kits,
  title={Type-preserving renaming and substitution},
  author={McBride, Conor},
  year={2005},
  url={http://strictlypositive.org/ren-sub.pdf}
}

% Kits Linear Types
@inproceedings{DBLP:journals/corr/abs-2005-02247,
  author       = {James Wood and
                  Robert Atkey},
  editor       = {Ugo Dal Lago and
                  Valeria de Paiva},
  title        = {A Linear Algebra Approach to Linear Metatheory},
  booktitle    = {Proceedings Second Joint International Workshop on Linearity {\&}
                  Trends in Linear Logic and Applications, Linearity{\&}TLLA@IJCAR-FSCD
                  2020, Online, 29-30 June 2020},
  series       = {{EPTCS}},
  volume       = {353},
  pages        = {195--212},
  year         = {2020},
  url          = {https://doi.org/10.4204/EPTCS.353.10},
  doi          = {10.4204/EPTCS.353.10},
  timestamp    = {Thu, 17 Mar 2022 16:11:43 +0100},
  biburl       = {https://dblp.org/rec/journals/corr/abs-2005-02247.bib},
  bibsource    = {dblp computer science bibliography, https://dblp.org}
}

% A Fibrational Framework for Substructural and Modal Logics
@inproceedings{DBLP:conf/rta/LicataSR17,
  author       = {Daniel R. Licata and
                  Michael Shulman and
                  Mitchell Riley},
  editor       = {Dale Miller},
  title        = {A Fibrational Framework for Substructural and Modal Logics},
  booktitle    = {2nd International Conference on Formal Structures for Computation
                  and Deduction, {FSCD} 2017, September 3-9, 2017, Oxford, {UK}},
  series       = {LIPIcs},
  volume       = {84},
  pages        = {25:1--25:22},
  publisher    = {Schloss Dagstuhl - Leibniz-Zentrum f{\"{u}}r Informatik},
  year         = {2017},
  url          = {https://doi.org/10.4230/LIPIcs.FSCD.2017.25},
  doi          = {10.4230/LIPICS.FSCD.2017.25},
  timestamp    = {Tue, 11 Feb 2020 15:52:14 +0100},
  biburl       = {https://dblp.org/rec/conf/rta/LicataSR17.bib},
  bibsource    = {dblp computer science bibliography, https://dblp.org}
}

% A universe syntaxes with binding
@article{DBLP:journals/pacmpl/AllaisA0MM18,
  author       = {Guillaume Allais and
                  Robert Atkey and
                  James Chapman and
                  Conor McBride and
                  James McKinna},
  title        = {A type and scope safe universe of syntaxes with binding: their semantics
                  and proofs},
  journal      = {Proc. {ACM} Program. Lang.},
  volume       = {2},
  number       = {{ICFP}},
  pages        = {90:1--90:30},
  year         = {2018},
  url          = {https://doi.org/10.1145/3236785},
  doi          = {10.1145/3236785},
  timestamp    = {Wed, 17 Feb 2021 08:54:07 +0100},
  biburl       = {https://dblp.org/rec/journals/pacmpl/AllaisA0MM18.bib},
  bibsource    = {dblp computer science bibliography, https://dblp.org}
}

% A universe syntaxes with binding (without generics)
@inproceedings{DBLP:conf/cpp/Allais0MM17,
  author       = {Guillaume Allais and
                  James Chapman and
                  Conor McBride and
                  James McKinna},
  editor       = {Yves Bertot and
                  Viktor Vafeiadis},
  title        = {Type-and-scope safe programs and their proofs},
  booktitle    = {Proceedings of the 6th {ACM} {SIGPLAN} Conference on Certified Programs
                  and Proofs, {CPP} 2017, Paris, France, January 16-17, 2017},
  pages        = {195--207},
  publisher    = {{ACM}},
  year         = {2017},
  url          = {https://doi.org/10.1145/3018610.3018613},
  doi          = {10.1145/3018610.3018613},
  timestamp    = {Fri, 27 Dec 2019 21:24:10 +0100},
  biburl       = {https://dblp.org/rec/conf/cpp/Allais0MM17.bib},
  bibsource    = {dblp computer science bibliography, https://dblp.org}
}

% Intrinsic Dependent Types using HoTT
@inproceedings{DBLP:conf/popl/AltenkirchK16,
  author       = {Thorsten Altenkirch and
                  Ambrus Kaposi},
  editor       = {Rastislav Bod{\'{\i}}k and
                  Rupak Majumdar},
  title        = {Type theory in type theory using quotient inductive types},
  booktitle    = {Proceedings of the 43rd Annual {ACM} {SIGPLAN-SIGACT} Symposium on
                  Principles of Programming Languages, {POPL} 2016, St. Petersburg,
                  FL, USA, January 20 - 22, 2016},
  pages        = {18--29},
  publisher    = {{ACM}},
  year         = {2016},
  url          = {https://doi.org/10.1145/2837614.2837638},
  doi          = {10.1145/2837614.2837638},
  timestamp    = {Wed, 23 Jun 2021 15:34:31 +0200},
  biburl       = {https://dblp.org/rec/conf/popl/AltenkirchK16.bib},
  bibsource    = {dblp computer science bibliography, https://dblp.org}
}

% PTS Original 1
@article{berarditowards,
  title={Towards a mathematical analysis of the Coquand-Huet calculus of constructions and the other systems in Barendregt's cube. Dept},
  author={Berardi, S},
  journal={Computer Science, Carnegie-Mellon University and Dipartimento Matematica, Universita di Torino, Italy}
}

% PTS Original 2
@article{terlouw1989een,
  title={Een nadere bewijstheoretische analyse van GSTTâ€™s},
  author={Terlouw, Jan},
  journal={Manuscript (in Dutch)},
  year={1989}
}

% PTS 3
@inproceedings{DBLP:conf/esop/BarendregtH90,
  author       = {Henk Barendregt and
                  Kees Hemerik},
  editor       = {Neil D. Jones},
  title        = {Types in Lambda Calculi and Programming Languages},
  booktitle    = {ESOP'90, 3rd European Symposium on Programming, Copenhagen, Denmark,
                  May 15-18, 1990, Proceedings},
  series       = {Lecture Notes in Computer Science},
  volume       = {432},
  pages        = {1--35},
  publisher    = {Springer},
  year         = {1990},
  url          = {https://doi.org/10.1007/3-540-52592-0\_53},
  doi          = {10.1007/3-540-52592-0\_53},
  timestamp    = {Tue, 14 May 2019 10:00:41 +0200},
  biburl       = {https://dblp.org/rec/conf/esop/BarendregtH90.bib},
  bibsource    = {dblp computer science bibliography, https://dblp.org}
}

% Functional Dependencies
@inproceedings{DBLP:conf/esop/Jones00,
  author       = {Mark P. Jones},
  editor       = {Gert Smolka},
  title        = {Type Classes with Functional Dependencies},
  booktitle    = {Programming Languages and Systems, 9th European Symposium on Programming,
                  {ESOP} 2000, Held as Part of the European Joint Conferences on the
                  Theory and Practice of Software, {ETAPS} 2000, Berlin, Germany, March
                  25 - April 2, 2000, Proceedings},
  series       = {Lecture Notes in Computer Science},
  volume       = {1782},
  pages        = {230--244},
  publisher    = {Springer},
  year         = {2000},
  url          = {https://doi.org/10.1007/3-540-46425-5\_15},
  doi          = {10.1007/3-540-46425-5\_15},
  timestamp    = {Tue, 14 May 2019 10:00:41 +0200},
  biburl       = {https://dblp.org/rec/conf/esop/Jones00.bib},
  bibsource    = {dblp computer science bibliography, https://dblp.org}
}

% Needle and Knot
@inproceedings{DBLP:conf/esop/KeuchelWS16,
  author       = {Steven Keuchel and
                  Stephanie Weirich and
                  Tom Schrijvers},
  editor       = {Peter Thiemann},
  title        = {Needle {\&} Knot: Binder Boilerplate Tied Up},
  booktitle    = {Programming Languages and Systems - 25th European Symposium on Programming,
                  {ESOP} 2016, Held as Part of the European Joint Conferences on Theory
                  and Practice of Software, {ETAPS} 2016, Eindhoven, The Netherlands,
                  April 2-8, 2016, Proceedings},
  series       = {Lecture Notes in Computer Science},
  volume       = {9632},
  pages        = {419--445},
  publisher    = {Springer},
  year         = {2016},
  url          = {https://doi.org/10.1007/978-3-662-49498-1\_17},
  doi          = {10.1007/978-3-662-49498-1\_17},
  timestamp    = {Sat, 30 Sep 2023 09:40:24 +0200},
  biburl       = {https://dblp.org/rec/conf/esop/KeuchelWS16.bib},
  bibsource    = {dblp computer science bibliography, https://dblp.org}
}

%% Variable Representation %%%%%%%%%%%%%%%%%%%%%%%%%%%%%%%%%%%%%%%%%%%%%%%%%%%%%

% Debruijn
@inproceedings{scholar:de1972lambda,
  title={Lambda calculus notation with nameless dummies, a tool for automatic formula manipulation, with application to the Church-Rosser theorem},
  author={De Bruijn, Nicolaas Govert},
  booktitle={Indagationes Mathematicae (Proceedings)},
  volume={75},
  number={5},
  pages={381--392},
  year={1972},
  organization={Elsevier}
}

% CoDebruijn
@inproceedings{DBLP:journals/corr/abs-1807-04085,
  author       = {Conor McBride},
  editor       = {Robert Atkey and
                  Sam Lindley},
  title        = {Everybody's Got To Be Somewhere},
  booktitle    = {Proceedings of the 7th Workshop on Mathematically Structured Functional
                  Programming, MSFP@FSCD 2018, Oxford, UK, 8th July 2018},
  series       = {{EPTCS}},
  volume       = {275},
  pages        = {53--69},
  year         = {2018},
  url          = {https://doi.org/10.4204/EPTCS.275.6},
  doi          = {10.4204/EPTCS.275.6},
  timestamp    = {Mon, 10 Sep 2018 16:20:34 +0200},
  biburl       = {https://dblp.org/rec/journals/corr/abs-1807-04085.bib},
  bibsource    = {dblp computer science bibliography, https://dblp.org}
}

% Locally nameless
@article{DBLP:journals/jar/Chargueraud12,
  author       = {Arthur Chargu{\'{e}}raud},
  title        = {The Locally Nameless Representation},
  journal      = {J. Autom. Reason.},
  volume       = {49},
  number       = {3},
  pages        = {363--408},
  year         = {2012},
  url          = {https://doi.org/10.1007/s10817-011-9225-2},
  doi          = {10.1007/S10817-011-9225-2},
  timestamp    = {Wed, 02 Sep 2020 13:30:05 +0200},
  biburl       = {https://dblp.org/rec/journals/jar/Chargueraud12.bib},
  bibsource    = {dblp computer science bibliography, https://dblp.org}
}

% Locally named
@inproceedings{DBLP:conf/tlca/McKinnaP93,
  author       = {James McKinna and
                  Robert Pollack},
  editor       = {Marc Bezem and
                  Jan Friso Groote},
  title        = {Pure Type Systems Formalized},
  booktitle    = {Typed Lambda Calculi and Applications, International Conference on
                  Typed Lambda Calculi and Applications, {TLCA} '93, Utrecht, The Netherlands,
                  March 16-18, 1993, Proceedings},
  series       = {Lecture Notes in Computer Science},
  volume       = {664},
  pages        = {289--305},
  publisher    = {Springer},
  year         = {1993},
  url          = {https://doi.org/10.1007/BFb0037113},
  doi          = {10.1007/BFB0037113},
  timestamp    = {Tue, 14 May 2019 10:00:41 +0200},
  biburl       = {https://dblp.org/rec/conf/tlca/McKinnaP93.bib},
  bibsource    = {dblp computer science bibliography, https://dblp.org}
}

% Nameless, painless
@inproceedings{DBLP:conf/icfp/Pouillard11,
  author       = {Nicolas Pouillard},
  editor       = {Manuel M. T. Chakravarty and
                  Zhenjiang Hu and
                  Olivier Danvy},
  title        = {Nameless, painless},
  booktitle    = {Proceeding of the 16th {ACM} {SIGPLAN} international conference on
                  Functional Programming, {ICFP} 2011, Tokyo, Japan, September 19-21,
                  2011},
  pages        = {320--332},
  publisher    = {{ACM}},
  year         = {2011},
  url          = {https://doi.org/10.1145/2034773.2034817},
  doi          = {10.1145/2034773.2034817},
  timestamp    = {Thu, 24 Jun 2021 16:19:30 +0200},
  biburl       = {https://dblp.org/rec/conf/icfp/Pouillard11.bib},
  bibsource    = {dblp computer science bibliography, https://dblp.org}
}
% Scope graphs
@article{DBLP:journals/pacmpl/AntwerpenPRV18,
  author       = {Hendrik van Antwerpen and
                  Casper Bach Poulsen and
                  Arjen Rouvoet and
                  Eelco Visser},
  title        = {Scopes as types},
  journal      = {Proc. {ACM} Program. Lang.},
  volume       = {2},
  number       = {{OOPSLA}},
  pages        = {114:1--114:30},
  year         = {2018},
  url          = {https://doi.org/10.1145/3276484},
  doi          = {10.1145/3276484},
  timestamp    = {Wed, 17 Feb 2021 08:53:58 +0100},
  biburl       = {https://dblp.org/rec/journals/pacmpl/AntwerpenPRV18.bib},
  bibsource    = {dblp computer science bibliography, https://dblp.org}
}

% Nominal Unification
@article{DBLP:journals/tcs/UrbanPG04,
  author       = {Christian Urban and
                  Andrew M. Pitts and
                  Murdoch Gabbay},
  title        = {Nominal unification},
  journal      = {Theor. Comput. Sci.},
  volume       = {323},
  number       = {1-3},
  pages        = {473--497},
  year         = {2004},
  url          = {https://doi.org/10.1016/j.tcs.2004.06.016},
  doi          = {10.1016/J.TCS.2004.06.016},
  timestamp    = {Wed, 17 Feb 2021 21:57:40 +0100},
  biburl       = {https://dblp.org/rec/journals/tcs/UrbanPG04.bib},
  bibsource    = {dblp computer science bibliography, https://dblp.org}
}

% HOAS
@inproceedings{DBLP:conf/pldi/PfenningE88,
  author       = {Frank Pfenning and
                  Conal Elliott},
  editor       = {Richard L. Wexelblat},
  title        = {Higher-Order Abstract Syntax},
  booktitle    = {Proceedings of the {ACM} SIGPLAN'88 Conference on Programming Language
                  Design and Implementation (PLDI), Atlanta, Georgia, USA, June 22-24,
                  1988},
  pages        = {199--208},
  publisher    = {{ACM}},
  year         = {1988},
  url          = {https://doi.org/10.1145/53990.54010},
  doi          = {10.1145/53990.54010},
  timestamp    = {Fri, 09 Jul 2021 14:03:46 +0200},
  biburl       = {https://dblp.org/rec/conf/pldi/PfenningE88.bib},
  bibsource    = {dblp computer science bibliography, https://dblp.org}
}
% PHOAS
@inproceedings{DBLP:conf/icfp/Chlipala08,
  author       = {Adam Chlipala},
  editor       = {James Hook and
                  Peter Thiemann},
  title        = {Parametric higher-order abstract syntax for mechanized semantics},
  booktitle    = {Proceeding of the 13th {ACM} {SIGPLAN} international conference on
                  Functional programming, {ICFP} 2008, Victoria, BC, Canada, September
                  20-28, 2008},
  pages        = {143--156},
  publisher    = {{ACM}},
  year         = {2008},
  url          = {https://doi.org/10.1145/1411204.1411226},
  doi          = {10.1145/1411204.1411226},
  timestamp    = {Fri, 25 Jun 2021 14:48:54 +0200},
  biburl       = {https://dblp.org/rec/conf/icfp/Chlipala08.bib},
  bibsource    = {dblp computer science bibliography, https://dblp.org}
}

% Shifted Names
@article{scholar:dolansyntax,
  title={Syntax with Shifted Names},
  author={Dolan, Stephen and White, Leo}
}

% POPLMark
@inproceedings{DBLP:conf/tphol/AydemirBFFPSVWWZ05,
  author       = {Brian E. Aydemir and
                  Aaron Bohannon and
                  Matthew Fairbairn and
                  J. Nathan Foster and
                  Benjamin C. Pierce and
                  Peter Sewell and
                  Dimitrios Vytiniotis and
                  Geoffrey Washburn and
                  Stephanie Weirich and
                  Steve Zdancewic},
  editor       = {Joe Hurd and
                  Thomas F. Melham},
  title        = {Mechanized Metatheory for the Masses: The PoplMark Challenge},
  booktitle    = {Theorem Proving in Higher Order Logics, 18th International Conference,
                  TPHOLs 2005, Oxford, UK, August 22-25, 2005, Proceedings},
  series       = {Lecture Notes in Computer Science},
  volume       = {3603},
  pages        = {50--65},
  publisher    = {Springer},
  year         = {2005},
  url          = {https://doi.org/10.1007/11541868\_4},
  doi          = {10.1007/11541868\_4},
  timestamp    = {Tue, 14 May 2019 10:00:48 +0200},
  biburl       = {https://dblp.org/rec/conf/tphol/AydemirBFFPSVWWZ05.bib},
  bibsource    = {dblp computer science bibliography, https://dblp.org}
}

%POPLMark Reloaded
@article{DBLP:journals/jfp/AbelAHPMSS19,
  author       = {Andreas Abel and
                  Guillaume Allais and
                  Aliya Hameer and
                  Brigitte Pientka and
                  Alberto Momigliano and
                  Steven Sch{\"{a}}fer and
                  Kathrin Stark},
  title        = {POPLMark reloaded: Mechanizing proofs by logical relations},
  journal      = {J. Funct. Program.},
  volume       = {29},
  pages        = {e19},
  year         = {2019},
  url          = {https://doi.org/10.1017/S0956796819000170},
  doi          = {10.1017/S0956796819000170},
  timestamp    = {Mon, 28 Aug 2023 21:42:08 +0200},
  biburl       = {https://dblp.org/rec/journals/jfp/AbelAHPMSS19.bib},
  bibsource    = {dblp computer science bibliography, https://dblp.org}
}